%% Created using Papers on Fri, 04 Oct 2013.
%% http://papersapp.com/papers/

@phdthesis{Chen:2013,
author = {Chen, Yutian},
title = {{Herding: Driving Deterministic Dynamics to Learn and Sample Probabilistic Models}},
school = {University of California, Irvine},
year = {2013}
}

@inproceedings{Chen:2010b,
author = {Chen, Yutian and Welling, Max},
title = {{Parametric herding}},
booktitle = {AISTATS},
year = {2010},
pages = {97--104}
}

@inproceedings{Chen:2010a,
author = {Chen, Yutian and Welling, Max and Smola, Alexander J},
title = {{Super-samples from kernel herding}},
booktitle = {UAI},
year = {2010}
}

@inproceedings{Bach:2012a,
author = {Bach, F and Lacoste-Julien, Simon and Obozinski, Guillaume},
title = {{On the Equivalence between Herding and Conditional Gradient Algorithms}},
booktitle = {ICML},
year = {2012},
organization = {INRIA Paris - Rocquencourt, LIENS},
month = mar
}

@article{Bach:2012b,
author = {Bach, F},
title = {{Duality between subgradient and conditional gradient methods}},
journal = {arXiv.org},
year = {2012},
eprint = {1211.6302v2},
eprinttype = {arxiv},
eprintclass = {cs.LG},
month = nov
}

@inproceedings{Welling:2009b,
author = {Welling, Max},
title = {{Herding Dynamic Weights for Partially Observed Random Field Models}},
booktitle = {UAI},
year = {2009},
pages = {1--8}
}

@inproceedings{Welling:2009a,
author = {Welling, Max},
title = {{Herding dynamical weights to learn}},
booktitle = {ICML '09: Proceedings of the 26th Annual International Conference on Machine Learning},
year = {2009},
publisher = { ACM},
month = jun
}

@inproceedings{Huszar:2012,
author = {Husz{\'a}r, Ferenc and Duvenaud, David},
title = {{Optimally-Weighted Herding is Bayesian Quadrature}},
booktitle = {UAI},
year = {2012}
}

@inproceedings{Bornn:2013,
author = {Bornn, Luke and Chen, Yutian and De Freitas, Nando and Eskelin, Mareija and Fang, Jing and Welling, Max},
title = {{Herded Gibbs Sampling}},
booktitle = {ICLR 2013},
year = {2013}
}

@inproceedings{Gelfand:2010,
author = {Gelfand, Andrew and Chen, Yutian and Maaten, Laurens and Welling, Max},
title = {{On herding and the perceptron cycling theorem}},
booktitle = {NIPS},
year = {2010},
pages = {694--702}
}

