%% Created using Papers on Fri, 04 Oct 2013.
%% http://papersapp.com/papers/

@inproceedings{Jaggi:2013,
author = {Jaggi, Martin},
title = {{Revisiting {Frank-Wolfe}: Projection-Free Sparse Convex Optimization}},
booktitle = {ICML},
year = {2013},
pages = {427--435}
}

@inproceedings{Mairal:2013,
author = {Mairal, Julien},
title = {{Optimization with First-Order Surrogate Functions
}},
booktitle = {ICML},
year = {2013},
}


@inproceedings{aroraSDP,
  title={Fast algorithms for approximate semidefinite programming using the multiplicative weights update method},
  author={Arora, Sanjeev and Hazan, Elad and Kale, Satyen},
  booktitle={FOCS},
  pages={339--348},
  year={2005},
}


@article{Beck:2003,
title = "Mirror descent and nonlinear projected subgradient methods for convex optimization",
journal = "Operations Research Letters ",
volume = "31",
number = "3",
pages = "167 - 175",
year = "2003",
author = "Amir Beck and Marc Teboulle",
}

@techreport{mcmc,
  title={Probabilistic inference using Markov chain Monte Carlo methods},
  author={Neal, Radford M},
  year={1993},
  institution={Department of Computer Science, University of Toronto Toronto, Ontario, Canada}
}

@article{smc,
  title={An overview of existing methods and recent advances in sequential {M}onte {C}arlo},
  author={Capp{\'e}, Olivier and Godsill, Simon J and Moulines, Eric},
  journal={Proceedings of the IEEE},
  volume={95},
  number={5},
  pages={899--924},
  year={2007},
  publisher={IEEE}
}


@phdthesis{Chen:2013,
author = {Chen, Yutian},
title = {{Herding: Driving Deterministic Dynamics to Learn and Sample Probabilistic Models}},
school = {University of California, Irvine},
year = {2013}
}

@inproceedings{Chen:2010b,
author = {Chen, Yutian and Welling, Max},
title = {{Parametric herding}},
booktitle = {AISTATS},
year = {2010},
pages = {97--104}
}

@inproceedings{Chen:2010a,
author = {Chen, Yutian and Welling, Max and Smola, Alexander J},
title = {{Super-samples from kernel herding}},
booktitle = {UAI},
year = {2010}
}

@inproceedings{Bach:2012a,
author = {Bach, Francis and Lacoste-Julien, Simon and Obozinski, Guillaume},
title = {{On the Equivalence between Herding and Conditional Gradient Algorithms}},
booktitle = {ICML},
year = {2012},
organization = {INRIA Paris - Rocquencourt, LIENS},
month = mar
}

@article{Bach:2012b,
author = {Bach, Francis},
title = {{Duality between subgradient and conditional gradient methods}},
journal = {arXiv.org},
year = {2012},
eprint = {1211.6302v2},
eprinttype = {arxiv},
eprintclass = {cs.LG},
month = nov
}

@inproceedings{Welling:2009b,
author = {Welling, Max},
title = {{Herding Dynamic Weights for Partially Observed Random Field Models}},
booktitle = {UAI},
year = {2009},
pages = {1--8}
}

@inproceedings{Welling:2009a,
author = {Welling, Max},
title = {{Herding dynamical weights to learn}},
booktitle = {ICML},
year = {2009},
}

@inproceedings{Huszar:2012,
author = {Husz{\'a}r, Ferenc and Duvenaud, David},
title = {{Optimally-Weighted Herding is Bayesian Quadrature}},
booktitle = {UAI},
year = {2012}
}

@inproceedings{Bornn:2013,
author = {Bornn, Luke and Chen, Yutian and De Freitas, Nando and Eskelin, Mareija and Fang, Jing and Welling, Max},
title = {{Herded Gibbs Sampling}},
booktitle = {ICLR 2013},
year = {2013}
}

@inproceedings{Gelfand:2010,
author = {Gelfand, Andrew and Chen, Yutian and Maaten, Laurens and Welling, Max},
title = {{On herding and the perceptron cycling theorem}},
booktitle = {NIPS},
year = {2010},
pages = {694--702}
}

@article{Hofmann:2008,
author = {Hofmann, Thomas and Sch{\"o}lkopf, Bernhard and Smola, Alexander J},
title = {{Kernel methods in machine learning}},
journal = {The annals of statistics},
year = {2008},
volume = {36},
number = {3},
pages = {1171--1220},
}


