%% Created using Papers on Fri, 04 Oct 2013.
%% http://papersapp.com/papers/

@article{sabato2012learning,
  title={Learning Sparse Low-Threshold Linear Classifiers},
  author={Sabato, Sivan and Shalev-Shwartz, Shai and Srebro, Nathan and Hsu, Daniel and Zhang, Tong},
  journal={arXiv preprint arXiv:1212.3276},
  year={2012}
}


@inproceedings{hazan2007adaptive,
  title={Adaptive online gradient descent},
  author={Hazan, Elad and Rakhlin, Alexander and Bartlett, Peter L},
  booktitle={Advances in Neural Information Processing Systems},
  pages={65--72},
  year={2007}
}

@article{chiang2012online,
  title={Online Optimization with Gradual Variations},
  author={Chiang, Chao-Kai and Yang, Tianbao and Lee, Chia-Jung and Mahdavi, Mehrdad and Lu, Chi-Jen and Jin, Rong and Zhu, Shenghuo},
  journal={Journal of Machine Learning Research},
  year={2012}
}


@article{kleinberg2010regret,
  title={Regret bounds for sleeping experts and bandits},
  author={Kleinberg, Robert and Niculescu-Mizil, Alexandru and Sharma, Yogeshwer},
  journal={Machine learning},
  volume={80},
  number={2-3},
  pages={245--272},
  year={2010},
  publisher={Springer}
}


@article{auer1998tracking,
  title={Tracking the best disjunction},
  author={Auer, Peter and Warmuth, Manfred K},
  journal={Machine Learning},
  volume={32},
  number={2},
  pages={127--150},
  year={1998},
  publisher={Springer}
}


@article{hazan2012near,
  title={Near-optimal algorithms for online matrix prediction},
  author={Hazan, Elad and Kale, Satyen and Shalev-Shwartz, Shai},
  journal={arXiv preprint arXiv:1204.0136},
  year={2012}
}


@inproceedings{arora2007combinatorial,
  title={A combinatorial, primal-dual approach to semidefinite programs},
  author={Arora, Sanjeev and Kale, Satyen},
  booktitle={Proceedings of the thirty-ninth annual ACM symposium on Theory of computing},
  pages={227--236},
  year={2007},
  organization={ACM}
}


@inproceedings{tsuda2005matrix,
  title={Matrix exponentiated gradient updates for on-line learning and bregman projection},
  author={Tsuda, Koji and R{\"a}tsch, Gunnar and Warmuth, Manfred K},
  booktitle={Journal of Machine Learning Research},
  pages={995--1018},
  year={2005}
}


@article{hazan2011ftrl,
  title={The Convex Optimization Approach to Regret Minimization},
  author={Hazan, Elad},
  journal={Optimization for machine learning},
  pages={287},
  year={2011},
  publisher={MIT press}
}


@inproceedings{littlestone1989wm,
  title={The weighted majority algorithm},
  author={Littlestone, Nick and Warmuth, Manfred K},
  booktitle={Foundations of Computer Science, 30th Annual Symposium on},
  year={1989},
  pages={256--261},
  organization={IEEE}
}


@article{rakhlin2012,
  title={Online learning with predictable sequences},
  author={Rakhlin, Alexander and Sridharan, Karthik},
  journal={arXiv preprint arXiv:1208.3728},
  year={2012}
}


@article{mw-survey,
  title={The Multiplicative Weights Update Method: a Meta-Algorithm and Applications.},
  author={Arora, Sanjeev and Hazan, Elad and Kale, Satyen},
  journal={Theory of Computing},
  volume={8},
  number={1},
  pages={121--164},
  year={2012}
}


@article{cesa2007,
  title={Improved second-order bounds for prediction with expert advice},
  author={Cesa-Bianchi, Nicolo and Mansour, Yishay and Stoltz, Gilles},
  journal={Machine Learning},
  volume={66},
  number={2-3},
  pages={321--352},
  year={2007},
  publisher={Springer}
}

@article{hazan2010variation,
  title={Extracting certainty from uncertainty: Regret bounded by variation in costs},
  author={Hazan, Elad and Kale, Satyen},
  journal={Machine learning},
  volume={80},
  number={2-3},
  pages={165--188},
  year={2010},
  publisher={Springer}
}


@article{orabona2013general,
  title={A Generalized Online Mirror Descent with Applications to Classification and Regression},
  author={Orabona, Francesco and Crammer, Koby and Cesa-Bianchi, Nicolo},
  journal={arXiv preprint arXiv:1304.2994},
  year={2013}
}


@article{mcmahan2010adaptive,
  title={Adaptive bound optimization for online convex optimization},
  author={McMahan, H Brendan and Streeter, Matthew},
  journal={arXiv preprint arXiv:1002.4908},
  year={2010}
}

@article{streeter2010,
  title={Less regret via online conditioning},
  author={Streeter, Matthew and McMahan, H Brendan},
  journal={arXiv preprint arXiv:1002.4862},
  year={2010}
}

@article{cesa2005perceptron,
  title={A second-order perceptron algorithm},
  author={Cesa-Bianchi, Nicol{\`o} and Conconi, Alex and Gentile, Claudio},
  journal={SIAM Journal on Computing},
  volume={34},
  number={3},
  pages={640--668},
  year={2005},
  publisher={SIAM}
}

@article{vaits2013,
  title={Second-Order Non-Stationary Online Learning for Regression},
  author={Vaits, Nina and Moroshko, Edward and Crammer, Koby},
  journal={arXiv preprint arXiv:1303.0140},
  year={2013}
}

@article{duchi2011adagrad,
  title={Adaptive subgradient methods for online learning and stochastic optimization},
  author={Duchi, John and Hazan, Elad and Singer, Yoram},
  journal={The Journal of Machine Learning Research},
  pages={2121--2159},
  year={2011},
  publisher={JMLR. org}
}

@article{crammer2009arow,
  title={Adaptive regularization of weight vectors},
  author={Crammer, Koby and Kulesza, Alex and Dredze, Mark},
  journal={Machine Learning},
  pages={1--33},
  year={2009},
  publisher={Springer}
}

@inproceedings{orabona2013dimension,
  title={Dimension-Free Exponentiated Gradient},
  author={Orabona, Francesco},
  booktitle={Advances in Neural Information Processing Systems},
  pages={1806--1814},
  year={2013}
}

@article{shalev2011,
  title={Online learning and online convex optimization},
  author={Shalev-Shwartz, Shai},
  journal={Foundations and Trends in Machine Learning},
  volume={4},
  number={2},
  pages={107--194},
  year={2011}
}

@inproceedings{srebro2011,
  title={On the universality of online mirror descent},
  author={Srebro, Nati and Sridharan, Karthik and Tewari, Ambuj},
  booktitle={Advances in Neural Information Processing Systems},
  pages={2645--2653},
  year={2011}
}

@article{littlestone1988,
  title={Learning quickly when irrelevant attributes abound: A new linear-threshold algorithm},
  author={Littlestone, Nick},
  journal={Machine learning},
  volume={2},
  number={4},
  pages={285--318},
  year={1988},
  publisher={Springer}
}

@article{kivinen1997,
  title={Exponentiated gradient versus gradient descent for linear predictors},
  author={Kivinen, Jyrki and Warmuth, Manfred K},
  journal={Information and Computation},
  volume={132},
  number={1},
  pages={1--63},
  year={1997},
  publisher={Elsevier}
}


@article{Beck:2003,
title = "Mirror descent and nonlinear projected subgradient methods for convex optimization ",
journal = "Operations Research Letters ",
volume = "31",
number = "3",
pages = "167 - 175",
year = "2003",
author = "Amir Beck and Marc Teboulle",
}

@techreport{mcmc,
  title={Probabilistic inference using Markov chain Monte Carlo methods},
  author={Neal, Radford M},
  year={1993},
  institution={Department of Computer Science, University of Toronto Toronto, Ontario, Canada}
}

@article{smc,
  title={An overview of existing methods and recent advances in sequential {M}onte {C}arlo},
  author={Capp{\'e}, Olivier and Godsill, Simon J and Moulines, Eric},
  journal={Proceedings of the IEEE},
  volume={95},
  number={5},
  pages={899--924},
  year={2007},
  publisher={IEEE}
}


@phdthesis{Chen:2013,
author = {Chen, Yutian},
title = {{Herding: Driving Deterministic Dynamics to Learn and Sample Probabilistic Models}},
school = {University of California, Irvine},
year = {2013}
}

@inproceedings{Chen:2010b,
author = {Chen, Yutian and Welling, Max},
title = {{Parametric herding}},
booktitle = {AISTATS},
year = {2010},
pages = {97--104}
}

@inproceedings{Chen:2010a,
author = {Chen, Yutian and Welling, Max and Smola, Alexander J},
title = {{Super-samples from kernel herding}},
booktitle = {UAI},
year = {2010}
}

@inproceedings{Bach:2012a,
author = {Bach, F and Lacoste-Julien, Simon and Obozinski, Guillaume},
title = {{On the Equivalence between Herding and Conditional Gradient Algorithms}},
booktitle = {ICML},
year = {2012},
organization = {INRIA Paris - Rocquencourt, LIENS},
month = mar
}

@article{Bach:2012b,
author = {Bach, F},
title = {{Duality between subgradient and conditional gradient methods}},
journal = {arXiv.org},
year = {2012},
eprint = {1211.6302v2},
eprinttype = {arxiv},
eprintclass = {cs.LG},
month = nov
}

@inproceedings{Welling:2009b,
author = {Welling, Max},
title = {{Herding Dynamic Weights for Partially Observed Random Field Models}},
booktitle = {UAI},
year = {2009},
pages = {1--8}
}

@inproceedings{Welling:2009a,
author = {Welling, Max},
title = {{Herding dynamical weights to learn}},
booktitle = {ICML '09: Proceedings of the 26th Annual International Conference on Machine Learning},
year = {2009},
publisher = { ACM},
month = jun
}

@inproceedings{Huszar:2012,
author = {Husz{\'a}r, Ferenc and Duvenaud, David},
title = {{Optimally-Weighted Herding is Bayesian Quadrature}},
booktitle = {UAI},
year = {2012}
}

@inproceedings{Bornn:2013,
author = {Bornn, Luke and Chen, Yutian and De Freitas, Nando and Eskelin, Mareija and Fang, Jing and Welling, Max},
title = {{Herded Gibbs Sampling}},
booktitle = {ICLR 2013},
year = {2013}
}

@inproceedings{Gelfand:2010,
author = {Gelfand, Andrew and Chen, Yutian and Maaten, Laurens and Welling, Max},
title = {{On herding and the perceptron cycling theorem}},
booktitle = {NIPS},
year = {2010},
pages = {694--702}
}

@article{Hofmann:2008,
author = {Hofmann, Thomas and Sch{\"o}lkopf, Bernhard and Smola, Alexander J},
title = {{Kernel methods in machine learning}},
journal = {The annals of statistics},
year = {2008},
volume = {36},
number = {3},
pages = {1171--1220},
month = jun
}


